% !Mode:: "TeX:UTF-8"
%如果将此文件删除(删除文件,不是删除内容),则论文中不会出现攻读期间取得的研究成果一章。




