% !Mode:: "TeX:UTF-8"
%[1] Podlubny I, Petráš I, Vinagre B M, et al. Analogue Realizations of Fractional-Order Controllers[J]. Nonlinear Dynamics, 2002, 29(1-4):281-296.
@book{petravs2002analogue,
  title={Analogue Realizations of Fractional Order Controllers},
  author={Petr{\'a}{\v{s}}, Ivo and Podlubn{\`y}, Igor and O'Leary, Paul and Dor{\v{c}}{\'a}k, L'ubom{\'\i}r and Vinagre, Blas M},
  year={2002},
  publisher={Technick{\'a} univerzita}
}
%[2] Suresh P, Shukla A K, Munichandraiah N. Temperature dependence studies of a.c. impedance of  lithium-ion  cells  [J].  JOURNAL  OF  APPLIED  ELECTROCHEMISTRY, 2002,32(3):267-273.
@article{Suresh2002Temperature,
  title={Temperature dependence studies of a.c. impedance of lithium-ion cells},
  author={Suresh, P. and Shukla, A. K. and Munichandraiah, N.},
  journal={Journal of Applied Electrochemistry},
  volume={32},
  number={3},
  pages={267-273},
  year={2002},
}

%[3] Buller S, Thele M, De Doncker R, et al. Impedance-based simulation models of supercapacitors and  Li-ion  batteries  for  power  electronic  applications  [J].  IEEE  TRANSACTIONS  ON INDUSTRY APPLICATIONS, 2005,41(3):742-747.
@article{buller2005,
  title={Impedance-based simulation models of supercapacitors and Li-ion batteries for power electronic applications},
  author={Buller, Stephan and Thele, Marc and De Doncker, RWAA and Karden, Eckhard},
  journal={IEEE Trans. Ind. Appl},
  volume={41},
  number={3},
  pages={742--747},
  year={2005},
}

%[4] Chen Y Q, Vinagre B M. A new IIR-type digital fractional order differentiator[J]. Signal Processing, 2002, 83(11):2359-2365.
@article{chen2003new,
  title={A new IIR-type digital fractional order differentiator},
  author={Chen, YangQuan and Vinagre, Blas M},
  journal={Signal Processing},
  volume={83},
  number={11},
  pages={2359--2365},
  year={2003},
  publisher={Elsevier}
}

%[5] 张抗抗. 纯电动汽车能效优化方法研究[D].清华大学,2014.
@phdthesis{zhang2014,
  title={纯电动汽车能效优化方法研究},
  author={张抗抗},
  year={2014},
  school={清华大学}
}
%[6]Piller S, Perrin M, Jossen A. Methods for state-of-charge determination and their applications[J]. Journal of power sources, 2001, 96(1): 113-120.
@article{piller2001methods,
  title={Methods for state-of-charge determination and their applications},
  author={Piller, Sabine and Perrin, Marion and Jossen, Andreas},
  journal={Journal of power sources},
  volume={96},
  number={1},
  pages={113--120},
  year={2001},
  publisher={Elsevier}
}
%[7]周飞鲲. 纯电动汽车动力系统参数匹配及整车控制策略研究[D].吉林大学, 2013.
@phdthesis{zhoufeikun2013,
  title={纯电动汽车动力系统参数匹配及整车控制策略研究 [D]},
  author={周飞鲲},
  year={2013},
  school={吉林大学}
}
%[8]李哲. 纯电动汽车磷酸铁锂电池性能研究[D].清华大学,2011.
@phdthesis{lizhe2011,
  title={纯电动汽车磷酸铁锂电池性能研究 [D]},
  author={李哲},
  year={2011},
  school={北京: 清华大学}
}
%[9]刘浩. 基于EKF的电动汽车用锂离子电池SOC估算方法研究[D].北京交通大学,2010.
@phdthesis{liuhao2010,
  title={基于 EKF 的电动汽车用锂离子电池 SOC 估算方法研究 [D]},
  author={刘浩},
  year={2010},
  school={北京: 北京交通大学}
}
%[10]毛群辉,滕召胜,方亮,冯勇. 基于UKF的电动汽车锂电池SOC估计方法[J]. 测控技术,2010,03:89-91.
@article{maoqun2010,
  title={基于 UKF 的电动汽车锂电池 SOC 估计方法},
  author={毛群辉 and 滕召胜 and 方亮 and 冯勇},
  journal={测控技术},
  volume={29},
  number={3},
  pages={89--91},
  year={2010}
}
%[11]罗少文. 我国新能源汽车产业发展战略研究[D].复旦大学,2008.
@article{luoxiaowen2008,
  title={我国新能源汽车产业发展战略研究 [D]},
  author={罗少文},
  journal={复旦大学硕士学位论文 2008 年. 作者简介: 刘光东, 河海大学商学院博士生},
  year={2008}
}
%[12]徐文红. 国务院发布新能源汽车产业发展规划[J]. 电力需求侧管理,2012,05:47.
@article{xuwenhong2012,
  title={国务院发布新能源汽车产业发展规划},
  author={徐文红},
  journal={电力需求侧管理},
  number={5},
  pages={47--47},
  year={2012}
}
%[13]Nytén A, Abouimrane A, Armand M, et al. Electrochemical performance of Li 2 FeSiO 4 as a new Li-battery cathode material[J]. Electrochemistry Communications, 2005, 7(2): 156-160.
@article{nyten2005electrochemical,
  title={Electrochemical performance of Li 2 FeSiO 4 as a new Li-battery cathode material},
  author={Nyt{\'e}n, Anton and Abouimrane, Ali and Armand, Michel and Gustafsson, Torbj{\"o}rn and Thomas, John O},
  journal={Electrochemistry Communications},
  volume={7},
  number={2},
  pages={156--160},
  year={2005},
  publisher={Elsevier}
}
%[14]张凯,汤依伟,邹忠,程昀,宋文锋,贾明,卢海,张治安. 锂离子电池LiMn_2O_4/石墨电极放电过程中扩散极化的仿真[J]. 中国有色金属学报,2013,08:2235-2242.
@article{zhangkai2013,
  title={锂离子电池 LiMn2O4/石墨电极放电过程中扩散极化的仿真},
  author={张凯 and 汤依伟 and 邹忠 and 程昀 and 宋文锋 and 贾明 and 卢海 and 张治安},
  journal={中国有色金属学报},
  volume={23},
  number={8},
  pages={2235--2242},
  year={2013}
}
%[15]张金龙. 动力电池组SOC估算及均衡控制方法研究[D].天津大学,2012.
@phdthesis{zhangjinlong2012,
  title={动力电池组 SOC 估算及均衡控制方法研究 [D]},
  author={张金龙},
  year={2011},
  school={天 津}
}
%[16]李哲,韩雪冰,卢兰光,欧阳明高. 动力型磷酸铁锂电池的温度特性[J]. 机械工程学报,2011,18:115-120.
@article{hanxue2011,
  title={动力型磷酸铁锂电池的温度特性},
  author={李哲 and 韩雪冰 and 卢兰光 and 欧阳明高},
  journal={机械工程学报},
  volume={47},
  number={18},
  pages={115--120},
  year={2011}
}
%[17]Suresh P, Shukla A K, Munichandraiah N. Temperature dependence studies of a.c. impedance of  lithium-ion  cells  [J].  JOURNAL  OF  APPLIED  ELECTROCHEMISTRY, 2002,32(3):267-273.
@article{suresh2002temperature,
  title={Temperature dependence studies of ac impedance of lithium-ion cells},
  author={Suresh, P and Shukla, AK and Munichandraiah, N},
  journal={Journal of applied electrochemistry},
  volume={32},
  number={3},
  pages={267--273},
  year={2002},
  publisher={Springer}
}
%[18]席安静. 磷酸铁锂电池电化学阻抗谱实验研究[D].清华大学,2012.
@phdthesis{xianjing2012,
  title={磷酸铁锂电池电化学阻抗谱实验研究 [D]},
  author={席安静},
  year={2012},
  school={清华大学}
}
%[19]朱政. 磷酸铁锂电池荷电状态估计方法的研究[D].哈尔滨工业大学,2013.
@phdthesis{zhuzheng2013,
  title={磷酸铁锂电池荷电状态估计方法的研究},
  author={朱政},
  school={哈尔滨工业大学},
  year={2013},
}
%[20]陈严君. 锂电池阻抗模型参数的BP神经网络预测研究[D].哈尔滨理工大学,2010.
@phdthesis{chenyanjun2010,
  title={锂电池阻抗模型参数的 BP 神经网络预测研究},
  author={陈严君},
  year={2010},
  school={哈尔滨: 哈尔滨理工大学}
}
%[21]He H, Xiong R, Fan J. Evaluation of lithium-ion battery equivalent circuit models for state of charge estimation by an experimental approach[J]. Energies, 2011, 4(4): 582-598.
@article{he2011evaluation,
  title={Evaluation of lithium-ion battery equivalent circuit models for state of charge estimation by an experimental approach},
  author={He, Hongwen and Xiong, Rui and Fan, Jinxin},
  journal={Energies},
  volume={4},
  number={4},
  pages={582--598},
  year={2011},
  publisher={Molecular Diversity Preservation International}
}
%[22]Nelson P, Dees D, Amine K, et al. Modeling thermal management of lithium-ion PNGV batteries[J]. Journal of Power Sources, 2002, 110(2): 349-356.
@article{nelson2002modeling,
  title={Modeling thermal management of lithium-ion PNGV batteries},
  author={Nelson, Paul and Dees, Dennis and Amine, Khalil and Henriksen, Gary},
  journal={Journal of Power Sources},
  volume={110},
  number={2},
  pages={349--356},
  year={2002},
  publisher={Elsevier}
}
%[23]He H, Xiong R, Zhang X, et al. State-of-charge estimation of the lithium-ion battery using an adaptive extended Kalman filter based on an improved Thevenin model[J]. Vehicular Technology, IEEE Transactions on, 2011, 60(4): 1461-1469.
@article{he2011state,
  title={State-of-charge estimation of the lithium-ion battery using an adaptive extended Kalman filter based on an improved Thevenin model},
  author={He, Hongwen and Xiong, Rui and Zhang, Xiaowei and Sun, Fengchun and Fan, JinXin},
  journal={Vehicular Technology, IEEE Transactions on},
  volume={60},
  number={4},
  pages={1461--1469},
  year={2011},
  publisher={IEEE}
}
%[24] 郭凯. 基于模型的锂离子电池SOC估计研究[D].北京工业大学,2013.
@phdthesis{guokai2013,
  title={基于模型的锂离子电池SOC估计研究},
  author={郭凯},
  school={北京工业大学},
  year={2013},
}
%[25]Mandelbrot B B. The fractal geometry of nature[M]. Macmillan, 1983.
@book{mandelbrot1983fractal,
  title={The fractal geometry of nature},
  author={Mandelbrot, Benoit B},
  volume={173},
  year={1983},
  publisher={Macmillan}
}
%[26]蒲亦非. 分数阶微积分在现代信号分析与处理中应用的研究[D].四川大学,2006.
@phdthesis{puyifei2006,
  title={分数阶微积分在现代信号分析与处理中应用的研究 [D]},
  author={蒲亦非 and 周激流},
  year={2006},
  school={四川: 四川大学博士论文}
}
%[27]Ortigueira M D, Trujillo J J. Generalized GL fractional derivative and its Laplace and Fourier transform[C]//ASME 2009 international design engineering technical conferences and computers and information in engineering conference. American Society of Mechanical Engineers, 2009: 1227-1231.
@inproceedings{ortigueira2009generalized,
  title={Generalized GL fractional derivative and its Laplace and Fourier transform},
  author={Ortigueira, Manuel D and Trujillo, Juan J},
  booktitle={ASME 2009 international design engineering technical conferences and computers and information in engineering conference},
  pages={1227--1231},
  year={2009},
  organization={American Society of Mechanical Engineers}
}

%[28]Spanos P D, Evangelatos G I. Response of a non-linear system with restoring forces governed by fractional derivatives—Time domain simulation and statistical linearization solution[J]. Soil Dynamics and Earthquake Engineering, 2010, 30(9): 811-821.
@article{spanos2010response,
  title={Response of a non-linear system with restoring forces governed by fractional derivatives—Time domain simulation and statistical linearization solution},
  author={Spanos, Pol D and Evangelatos, Georgios I},
  journal={Soil Dynamics and Earthquake Engineering},
  volume={30},
  number={9},
  pages={811--821},
  year={2010},
  publisher={Elsevier}
}
%[29]Baleanu D, Avkar T. Lagrangians with linear velocities within Riemann-Liouville fractional derivatives[J]. arXiv preprint math-ph/0405012, 2004.
@article{baleanu2004lagrangians,
  title={Lagrangians with linear velocities within Riemann-Liouville fractional derivatives},
  author={Baleanu, Dumitru and Avkar, Tansel},
  journal={arXiv preprint math-ph/0405012},
  year={2004}
}
%[30]Luchko Y, Gorenflo R. An operational method for solving fractional differential equations with the Caputo derivatives[J]. Acta Mathematica Vietnamica, 1999, 24(2): 207-233.
@article{luchko1999operational,
  title={An operational method for solving fractional differential equations with the Caputo derivatives},
  author={Luchko, YURII and Gorenflo, Rudolf},
  journal={Acta Mathematica Vietnamica},
  volume={24},
  number={2},
  pages={207--233},
  year={1999}
}
%[31]肖静宇. 几类分数阶微分方程的数值方法研究[D].哈尔滨工业大学,2013.
@phdthesis{xiaojingyu2013,
  title={几类分数阶微分方程的数值方法研究 [D]},
  author={肖静宇},
  year={2013},
  school={哈尔滨工业大学}
}
%[32]曹军义,曹秉刚. 分数阶控制器离散方法的评估策略研究[J]. 西安交通大学学报,2007,07:842-846.
@article{caojunyi2007,
  title={分数阶控制器离散方法的评估策略研究},
  author={曹军义 and 曹秉刚},
  journal={西安交通大学学报},
  volume={41},
  number={7},
  pages={842--846},
  year={2007}
}
%[33]刘畅. 固体氧化物燃料电池电特性的分数阶建模和控制的研究[D].华中科技大学,2008.
@phdthesis{liuchang2008,
  title={固体氧化物燃料电池电特性的分数阶建模和控制的研究 [D]},
  author={刘畅},
  year={2008},
  school={华中科技大学}
}
%[34]Westerlund S, Ekstam L. Capacitor theory[J]. Dielectrics and Electrical Insulation, IEEE Transactions on, 1994, 1(5): 826-839.
@article{westerlund1994capacitor,
  title={Capacitor theory},
  author={Westerlund, Svante and Ekstam, Lars},
  journal={Dielectrics and Electrical Insulation, IEEE Transactions on},
  volume={1},
  number={5},
  pages={826--839},
  year={1994},
  publisher={IEEE}
}
%[35]杨晴霞,曹秉刚,徐俊,李秀青,宁博,王斌. 一种估计锂电池充电状态的分数阶阻抗模型[J]. 西安交通大学学报,2015,08:128-132.
@article{yangqingxia2015,
  title={一种估计锂电池充电状态的分数阶阻抗模型},
  author={杨晴霞 and 曹秉刚 and 徐俊 and 李秀青 and 宁博 and 王斌},
  journal={西安交通大学学报},
  volume={49},
  number={8},
  pages={128--132},
  year={2015}
}
%[36]定宇, 阳泉. 控制数学问题的 MATLAB 求解[M]. 清华大学出版社, 2007.
@book{dingning2007,
  title={控制数学问题的 MATLAB 求解},
  author={定宇 and 阳泉},
  year={2007},
  publisher={清华大学出版社}
}
%[37] Tepljakov A, Petlenkov E, Belikov J. FOMCON: Fractional-order modeling and control toolbox for MATLAB[C]//Proc. 18th Int Mixed Design of Integrated Circuits and Systems (MIXDES) Conference. 2011: 684-689.
@inproceedings{tepljakov2011fomcon,
  title={FOMCON: Fractional-order modeling and control toolbox for MATLAB},
  author={Tepljakov, Aleksei and Petlenkov, Eduard and Belikov, Juri},
  booktitle={Proc. 18th Int Mixed Design of Integrated Circuits and Systems (MIXDES) Conference},
  pages={684--689},
  year={2011}
}
%[38]邹乐强. 最小二乘法原理及其简单应用[J]. 科技信息,2010,23:282-283.
@article{zhouleqiang2010,
  title={最小二乘法原理及其简单应用},
  author={邹乐强},
  journal={科技信息},
  number={23},
  pages={282--283},
  year={2010}
}
%[39]田垅,刘宗田. 最小二乘法分段直线拟合[J]. 计算机科学,2012,S1:482-484.
@article{tiannong2012,
  title={最小二乘法分段直线拟合},
  author={田垅 and 刘宗田},
  journal={计算机科学},
  volume={39},
  number={B06},
  pages={482--484},
  year={2012}
}
%[40]杨武,刘莉,周思达,马志赛. 移动最小二乘法的时变结构模态参数辨识[J]. 机械工程学报,2016,03:79-85.
@article{yangwu2016,
  title={移动最小二乘法的时变结构模态参数辨识},
  author={杨武 and 刘莉 and 周思达 and 马志赛},
  journal={机械工程学报},
  volume={52},
  number={3},
  pages={79--85},
  year={2016}
}
%[41]Schonhoff T A, Giordano A A. Detection and estimation theory and its applications[M]. Pearson College Division, 2006.
@book{schonhoff2006detection,
  title={Detection and estimation theory and its applications},
  author={Schonhoff, Thomas A and Giordano, Arthur Anthony},
  year={2006},
  publisher={Pearson College Division}
}
%[42]Thomas S, Arthur A G. Detection and estimation theory and its applications[J]. 2007.
@book{schonhoff2006detection,
  title={Detection and estimation theory and its applications},
  author={Schonhoff, Thomas A and Giordano, Arthur Anthony},
  year={2006},
  publisher={Pearson College Division}
}
%[43]袁闪闪. 磷酸铁锂动力电池荷电状态估算方法的研究[D].重庆大学,2012.
@mastersthesis{yuanshanshan2012,
  title={磷酸铁锂动力电池荷电状态估算方法的研究},
  author={袁闪闪},
  year={2012},
  school={重庆大学}
}
%[44]于智龙. 基于自放电技术的电动车用锂动力电池SOC预测算法研究[D].东北林业大学,2013. 
@article{yuzhilong2013,
  title={自放电修正的锂动力电池 SCKF-STF 的 SOC 估算策略},
  author={于智龙 and 郭艳玲 and 王海英},
  journal={电机与控制学报},
  volume={17},
  number={10},
  pages={70--76},
  year={2013}
}
%[45]郭军. 延长电池循环寿命的电池管理系统研究[D].吉林大学,2012.
@phdthesis{guojun2012,
  title={延长电池循环寿命的电池管理系统研究},
  author={郭军},
  school={吉林大学},
  year={2012},
}
%[46]彭丁聪. 卡尔曼滤波的基本原理及应用[J]. 软件导刊,2009,11:32-34.
@article{pengdingchong2009,
  title={卡尔曼滤波的基本原理及应用},
  author={彭丁聪},
  journal={软件导刊},
  number={11},
  pages={32-34},
  year={2009},
}
%[47]刘新天. 电源管理系统设计及参数估计策略研究[D].中国科学技术大学,2011.
@phdthesis{liuxintian2011,
  title={电源管理系统设计及参数估计策略研究 [D]},
  author={刘新天},
  year={2011},
  school={合肥: 中国科学技术大学}
}
%[48]朱雅俊. 电动汽车用磷酸铁锂电池建模与SOC估算研究[D].合肥工业大学,2012.
@phdthesis{zhuyajun2012,
  title={电动汽车用磷酸铁锂电池建模与 SOC 估算研究 [D]},
  author={朱雅俊},
  year={2012},
  school={合肥工业大学}
}
%[49]Julier S J. The scaled unscented transformation[C]//American Control Conference, 2002. Proceedings of the 2002. IEEE, 2002, 6: 4555-4559.
@inproceedings{julier2002scaled,
  title={The scaled unscented transformation},
  author={Julier, Simon J},
  booktitle={American Control Conference, 2002. Proceedings of the 2002},
  volume={6},
  pages={4555--4559},
  year={2002},
  organization={IEEE}
}
%[50]柏庆文. 基于无味卡尔曼滤波的电动汽车动力电池SOC估计[D].吉林大学,2013. 
@phdthesis{boqingwen2013,
  title={基于无味卡尔曼滤波的电动汽车动力电池 SoC 估计 [D]},
  author={柏庆文},
  year={2013},
  school={吉林大学}
}
%[51]张鑫明. 非线性滤波在通信与导航中的应用研究[D].北京邮电大学,2012.
@phdthesis{zhangxinming2012,
  title={非线性滤波在通信与导航中的应用研究},
  author={张鑫明},
  year={2012},
  school={北京邮电大学}
}
%[52]Xiong K, Zhang H Y, Chan C W. Performance evaluation of UKF-based nonlinear filtering[J]. Automatica, 2006, 42(2): 261-270.
@article{xiong2006performance,
  title={Performance evaluation of UKF-based nonlinear filtering},
  author={Xiong, K and Zhang, HY and Chan, CW},
  journal={Automatica},
  volume={42},
  number={2},
  pages={261--270},
  year={2006},
  publisher={Elsevier}
}
%[53]Wipke K B, Cuddy M R, Burch S D. ADVISOR 2.1: A user-friendly advanced powertrain simulation using a combined backward/forward approach[J]. Vehicular Technology, IEEE Transactions on, 1999, 48(6): 1751-1761.
@article{wipke1999advisor,
  title={ADVISOR 2.1: A user-friendly advanced powertrain simulation using a combined backward/forward approach},
  author={Wipke, Keith B and Cuddy, Matthew R and Burch, Steven D},
  journal={Vehicular Technology, IEEE Transactions on},
  volume={48},
  number={6},
  pages={1751--1761},
  year={1999},
  publisher={IEEE}
}
%[54]包建超. 基于ADVISOR仿真的纯电动汽车动力系统匹配研究[D].长安大学,2014.
@article{baojiangchao2014,
  title={基于 ADVISOR 仿真的纯电动汽车动力系统匹配研究},
  author={包建超 and 陈丁跃 and 乔晓亮},
  journal={汽车实用技术},
  number={8},
  pages={5--7},
  year={2013}
}
%[55] 曾小华,王庆年,李骏,王伟华,初亮. 基于ADVISOR2002混合动力汽车控制策略模块开发[J]. 汽车工程,2004,04:394-396+416.
@article{zengxiaohua2004,
  title={基于 ADVISOR2002 混合动力汽车控制策略模块开发},
  author={曾小华 and 王庆年 and 李骏 and 王伟华 and 初亮},
  journal={汽车工程},
  volume={26},
  number={4},
  pages={394--396},
  year={2004}
}
%[56]杨峰,潘泉,梁彦,叶亮. 多源信息空间配准中的UT变换采样策略研究[J]. 系统仿真学报,2006,03:713-717.
@article{yangfeng2006,
  title={多源信息空间配准中的UT变换采样策略研究},
  author={杨峰 and 潘泉 and 梁彦 and 叶亮},
  journal={系统仿真学报},
  volume={18},
  number={3},
  pages={713-717},
  year={2006},
}


